<?xml version="1.0" encoding="UTF-8"?><collection xmlns="http://www.loc.gov/MARC21/slim"><record><leader>00451nam--2200145-i-4500</leader><controlfield tag="001">000033472</controlfield><controlfield tag="002">20161230</controlfield><controlfield tag="005">20170127221440</controlfield><controlfield tag="008">060222s1000------------r-----000-0-eng-d</controlfield><datafield ind1=" " ind2=" " tag="100"><subfield code="a">Boguslavsky, I. V</subfield></datafield><datafield ind1=" " ind2=" " tag="245"><subfield code="a">A Method For Estimating The Annihilation Cross Section Based Con Mesurement Of Secondary Interactions</subfield></datafield><datafield ind1=" " ind2=" " tag="260"><subfield code="a">Dubna</subfield><subfield code="b">Joint Institute for Nuclear Research</subfield><subfield code="c">1975</subfield></datafield><datafield ind1=" " ind2=" " tag="300"><subfield code="a">12 p</subfield></datafield><datafield ind1=" " ind2=" " tag="700"><subfield code="a">Orava, R</subfield></datafield><datafield ind1=" " ind2=" " tag="CAT"><subfield code="a">SYS</subfield><subfield code="c">20170127</subfield><subfield code="h">221440</subfield></datafield></record></collection>